
@inproceedings{didkovsky2008maxscore,
  title={{MaxScore: Music Notation in Max/MSP}},
  author={Didkovsky, Nick and Hajdu, Georg},
  booktitle={Proceedings of the International Computer Music Conference (ICMC'08)},
  year={2008},
  address = {Belfast, Northern Ireland / UK},
}


@inproceedings{fober2013programming,
  title={{Programming interactive music scores with INScore}},
  author={Fober, Dominique and Letz, St{\'e}phane and Orlarey, Yann and Bevilacqua, Fr{\'e}d{\'e}ric},
  booktitle={Proceedings of the Sound and Music Computing conference (SMC'13)},
  Address = {Stockholm, Sweden},
  pages={185--190},
  year={2013}
}

@inproceedings{coduys2004iannix,
  title={Iannix-aesthetical/symbolic visualisations for hypermedia composition},
  author={Coduys, Thierry and Ferry, Guillaume},
  booktitle={Proceedings of the Sound and Music Computing conference (SMC'04)},
  Address = {Paris, France},
  pages={18--23},
  year={2004}
}

@inproceedings{nienhuys2003lilypond,
  title={LilyPond, a system for automated music engraving},
  author={Nienhuys, Han-Wen and Nieuwenhuizen, Jan},
  booktitle={Proceedings of the XIV Colloquium on Musical Informatics (XIV CIM 2003)},
  volume={1},
  pages={167--171},
  year={2003}
}

@article{agostini2015max,
  title={A max library for musical notation and computer-aided composition},
  author={Agostini, Andrea and Ghisi, Daniele},
  journal={Computer Music Journal},
  volume={39},
  number={2},
  pages={11--27},
  year={2015},
  publisher={MIT Press}
}

@article{laurson2009overview,
  title={An overview of PWGL, a visual programming environment for music},
  author={Laurson, Mikael and Kuuskankare, Mika and Norilo, Vesa},
  journal={Computer Music Journal},
  volume={33},
  number={1},
  pages={19--31},
  year={2009},
  publisher={MIT Press}
}

@article{mika2009enp,
  title={{ENP: A System for Contemporary Music Notation}},
  author={Kuuskankare, Mika},
  journal={Contemporary Music Review},
  volume={28},
  number={2},
  pages={221--235},
  year={2009},
  publisher={MIT Press}
}


@inproceedings{baca2015abjad,
  title={Abjad: An Open-source Software System for Formalized Score Control},
  author={Baca, Trevor and Oberholtzer, Josiah Wolf and Trevi{\~n}o, J and Ad{\'a}n, V},
  booktitle={2015. Proceedings of the First International Conference on Technologies for Music Notation and Representation-TENOR2015. Paris: Institut de Recherche en Musicologie},
  pages={162--169},
  year={2015}
}



@article{laurson2009overview,
  title={An overview of PWGL, a visual programming environment for music},
  author={Laurson, Mikael and Kuuskankare, Mika and Norilo, Vesa},
  journal={Computer Music Journal},
  volume={33},
  number={1},
  pages={19--31},
  year={2009},
  publisher={MIT Press}
}

@inproceedings{bresson2011om,
  title={{OpenMusic: Visual Programming Environment for Music Composition, Analysis and Research}},
  author={Bresson, Jean and Agon, Carlos and Assayag, G{\'e}rard},
  booktitle={Proceedings of the ACM international conference on Multimedia -- OpenSource Software Competition},
  pages={743--746},
  year={2011},
  Address={Scottsdale, AZ, USA}
}

@inproceedings{hope2015decibel,
	Address = {Paris, France},
	Author = {Hope, Cat and Vickery, Lindsay and Wyatt, Aaron and James, Stuart},
	Booktitle = {{International conference on Technologies for Music Notation and Representation (TENOR'15)}},
	Title = {{The Decibel Scoreplayer -- A digital tool for reading graphic notation}},
	Year = {2015}}

@article{burloiu2017visual,
  title={A visual framework for dynamic mixed music notation},
  author={Burloiu, Grigore and Cont, Arshia and Poncelet, Clement},
  journal={Journal of New Music Research},
  volume={46},
  number={1},
  pages={54--73},
  year={2017},
  publisher={Taylor \& Francis}
}

@inproceedings{celerier2016iscore,
	Address = {Utrecht, Netherlands},
	Author = {Celerier, Jean-Michael and Desainte-Catherine, Myriam and Couturier, Jean-Michel},
	Booktitle = {{Proceedinsg of teh International Computer Music Conference (ICMC'16)}},
	Title = {{Graphical Temporal Structured Programming for Interactive Music}},
	Year = {2016}}

@article{strayer2013neumes,
	Author = {Strayer, Hope R.},
	Journal = {Musical Offerings},
	Number = {1},
	Title = {{From Neumes to Notes: The Evolution of Music Notation}},
	Volume = {4},
	Publisher = {Cedarville University},
	Year = {2013}}

@inproceedings{gorog2015slashes,
	Author = {Gorog, Carolyn S.},
	Title = {{Slashes, Dashes, Points, and Squares: The Development of Musical Notation}},
	Booktitle = {{Research and Scholarship Symposium}},
	Organization = {Cedarville University},
	Address = {Cedarville, OH, USA},
	Year = {2015}}

@article{kuivila2004open,
	Author = {Kuivila, Ron},
	Journal = {Leonardo Music Journal},
	Pages = {17--23},
	Publisher = {MIT Press},
	Title = {{Open Sources: Words, Circuits and the Notation-Realization Relation in the Music of David Tudor}},
	Volume = {14},
	Year = {2004}}

% Doi = {10.1162/LMJ\_a\_00056},
% Bdsk-Url-1 = {http://dx.doi.org/10.1162/LMJ%5C_a%5C_00056}
@article{magnusson2011algoscores,
	Author = {Thor Magnusson},
	Journal = {Leonardo Music Journal},
	Pages = {19-23},
	Title = {{Algorithms as Scores: Coding Live Music}},
	Publisher = {MIT Press},
	Volume = {21},
	Year = {2011}}

@article{stone-notation,
	Author = {Kurt Stone},
	Journal = {Perspectives of New Music},
	Number = {2},
	Pages = {9-31},
	Title = {{Problems and Methods of Notation}},
	Volume = {1},
	Year = {1963}}

@article{battier,
	Author = {Battier, Marc},
	Journal = {Organised Sound},
	Number = {1},
	Pages = {60-67},
	Title = {{Describe, Transcribe, Notate: Prospects and problems facing electroacoustic music}},
	Volume = {20},
	Publisher = {Cambridge University Press},
	Year = {2015}}

@incollection{farnell-movement-notation,
	Author = {Farnell, Brenda},
	Booktitle = {The World's Writing Systems},
	Editor = {Peter T. Daniels and William Bright},
	Pages = {855-879},
	Publisher = {Oxford University Press},
	Title = {Movement Notation Systems},
	Year = {1996}}

@article{world2000scalable,
  title={{Scalable Vector Graphics (SVG) 1.1 (Second Edition)}},
  author={{World Wide Web Consortium}},
  journal={W3C Candidate Recommendation},
  url = {https://www.w3.org/TR/SVG11/},
  year={2011}
}

@book{tufte2014visual,
	Author = {Tufte, Edward R.},
	Title = {The Visual Display of Quantitative Information},
	Publisher = {Graphics Press},
	Year = {1983}
	}

% and Graves-Morris, P


@book{guest2014labanotation,
  title={Labanotation: The System of aAalyzing and Recording Movement},
  author={Guest, Ann Hutchinson},
  year={2005},
  publisher={Routledge}
}

@article{magnusson2009epistemic,
	Author = {Magnusson, Thor},
	Journal = {Organised Sound},
	Number = {2},
	Pages = {168--176},
	Publisher = {Cambridge University Press},
	Title = {{Of Epistemic Tools: Musical instruments as cognitive extensions}},
	Volume = {14},
	Year = {2009}}

@article{gibsonaffordance,
	Author = {Greeno, James},
	Journal = {Psychological Review},
	Number = {2},
	Pages = {336-342},
	Title = {{Gibon's Affordances}},
	Publisher = {American Psychological Association},
	Volume = {101},
	Year = {1994}}

@inproceedings{wessel-enactive,
	Address = {Lyon, France},
	Author = {Wessel , David},
	Booktitle = {Le Feedback -- Acte des Rencontres Musicales Pluridisciplinaires},
	Pages = {93-98},
	Publisher = {Grame},
	Title = {An Enactive Approach to Computer Music Performance},
	Year = {2006}}

% Editor = {Orlarey, Yann},
	

@article{wessel:intimate,
	Author = {Wessel, David and Wright, Matthew},
	Journal = {Computer Music Journal},
	Number = {3},
	Pages = {11--22},
	Publisher = {MIT Press},
	Title = {{Problems and Prospects for Intimate Musical Control of Computers}},
	Volume = {26},
	Year = {2002}}

@article{chadabe1984interactive,
	Author = {Chadabe, Joel},
	Journal = {{Computer Music Journal}},
	Number = {1},
	Pages = {22--27},
	Publisher = {MIT Press},
	Title = {{Interactive Composing: An Overview}},
	Volume = {8},
	Year = {1984}}

@inproceedings{schnell:instruments,
	Author = {Schnell, Norbert and Battier, Marc},
	Booktitle = {{Proceedings of the conference on New Interfaces for Musical Expression (NIME'02)}},
	Organization = {Dublin, Ireland},
	Title = {{Introducing Composed Instruments, Technical and Musicological Implications}},
	Year = {2002}}

@article{di2003sound,
	Author = {Di Scipio, Agostino},
	Journal = {Organised Sound},
	Number = {3},
	Pages = {269--277},
	Publisher = {Cambridge University Press},
	Title = {{`Sound is the interface': from interactive to ecosystemic signal processing}},
	Volume = {8},
	Year = {2003}}

@book{leman2008embodied,
	Author = {Leman, Marc},
	Publisher = {MIT Press},
	Title = {{Embodied Music Cognition and Mediation Technology}},
	Year = {2008}}

@article{stockhausen1996electroacoustic,
	Author = {Stockhausen, Karlheinz and Kohl, Jerome},
	Journal = {Perspectives of New Music},
	Pages = {74--105},
	Title = {{Electroacoustic Performance Practice}},
	Volume = {34},
	Number = {1},
	Year = {1996}}

@article{carpentier2017holophonic,
	Author = {Carpentier, Thibaut and Barrett, Natasha and Gottfried, Rama and Noisternig, Markus},
	Journal = {Computer Music Journal},
	Publisher = {MIT Press},
	Title = {{Holophonic Sound in IRCAM's Concert Hall: Technological and Aesthetic Practices}},
	Volume = {40},
	Number = {4},
	Pages = {14--34},
	Year = {2017}}

@inproceedings{carpentier2015twenty,
  title={Twenty years of Ircam Spat: looking back, looking forward},
  author={Carpentier, Thibaut and Noisternig, Markus and Warusfel, Olivier},
  booktitle={41st International Computer Music Conference (ICMC)},
  pages={270--277},
  year={2015}
}

% 	URL = {Available online at articles.ircam.fr/textes/Gottfried13a/index.pdf},
@techreport{gottfried2013studies,
	Author = {Gottfried, Rama},
	Institution = {IRCAM},
	Title = {{Studies on the Compositional Use of Space}},
	Address = {Paris, France},
	Year = {2013}}
	
@inproceedings{gottfried2018symbolist,
  title={Symbolist: An Open Authoring Environment for End-user Symbolic Notation},
  author={Gottfried, Rama and Bresson, Jean},
  booktitle={International Conference on Technologies for Music Notation and Representation (TENOR'18)},
  year={2018}
}

@article{harrison1999diffusion,
	Author = {Harrison, Jonty},
	Journal = {eContact!},
	Title = {{Diffusion: theories and practices, with particular reference to the BEAST system}},
	Volume = {2.4},
	Publisher = {Canadian Electroacoustic Community},
	Year = {1999}}

@inproceedings{gottfried2015svg,
	Address = {Paris, France},
	Author = {Gottfried, Rama},
	Booktitle = {{Proceedings of the International Conference on Technologies for Notation and Representation (TENOR'15)}},
	Title = {{SVG to OSC Transcoding: Towards a Platform for Notational Praxis and Electronic Performance}},
	Year = {2015}}

@unpublished{zagorac2016towards,
	Author = {Zagorac, Slavko},
	Title = {Towards An Integrated Environment for Networked Music Composition and Performance}},
	URL = {http://www.zagorac.com/home/writings/},
	Year = {2016}}

@inproceedings{maccallum2015dynamic,
	Address = {Denton, TX, USA},
	Author = {MacCallum, John and Gottfried, Rama and Rostovtsev, Ilya and Bresson, Jean and Freed, Adrian},
	Booktitle = {{Proceedings of the International Computer Music Conference (ICMC'15)}},
	Title = {{Dynamic Message-Oriented Middleware with Open Sound Control and Odot}},
	Year = {2015}}
	
@inproceedings{freed2014io,
  title={o. io: a Unified Communications Framework for Music, Intermedia and Cloud Interaction.},
  author={Freed, Adrian and DeFilippo, David and Gottfried, Rama and MacCallum, John and Lubow, Jeff and Razo, Derek and Wessel, David},
  booktitle={ICMC},
  year={2014}
}

@article{wright:osc,
	Author = {Wright, M.},
	Journal = {Organised Sound},
	Number = 3,
	Title = {{Open Sound Control: an enabling technology for musical networking}},
	Volume = 10,
	Issue = 3,
	Pages = {193--200},
	Year = 2005}

@article{puckette:max,
	Author = {Miller Puckette},
	Journal = {Computer Music Journal},
	Number = 3,
	Title = {{Combining Event and Signal Processing in the MAX Graphical Programming Environment}},
	Volume = 15,
	Pages = {68--77},
	Publisher = {MIT Press},
	Year = 1991}

@inproceedings{bresson:o7,
	Address = {Shanghai, China},
	Author = {Jean Bresson and Dimitri Bouche and Thibaut Carpentier and Diemo Schwarz and J\'er\'emie Garcia},
	Booktitle = {{Proceedings of the International Computer Music Conference (ICMC'17)}},
	Title = {{Next-generation Computer-aided Composition Environment: A New Implementation of OpenMusic}},
	Year = {2017}}

@article{tilkov2010node,
  title={Node. js: Using JavaScript to build high-performance network programs},
  author={Tilkov, Stefan and Vinoski, Steve},
  journal={IEEE Internet Computing},
  volume={14},
  number={6},
  pages={80--83},
  year={2010},
  publisher={IEEE}
}

@inproceedings{trockman2018adding,
  title={Adding sparkle to social coding: an empirical study of repository badges in the npm ecosystem},
  author={Trockman, Asher and Zhou, Shurui and K{\"a}stner, Christian and Vasilescu, Bogdan},
  booktitle={Proceedings of the 40th International Conference on Software Engineering},
  pages={511--522},
  year={2018},
  organization={ACM}
}

@inproceedings{halpern2016mobile,
  title={Mobile cpu's rise to power: Quantifying the impact of generational mobile cpu design trends on performance, energy, and user satisfaction},
  author={Halpern, Matthew and Zhu, Yuhao and Reddi, Vijay Janapa},
  booktitle={High Performance Computer Architecture (HPCA), 2016 IEEE International Symposium on},
  pages={64--76},
  year={2016},
  organization={IEEE}
}

@article{krasner1988description,
  title={A description of the model-view-controller user interface paradigm in the smalltalk-80 system},
  author={Krasner, Glenn E and Pope, Stephen T and others},
  journal={Journal of object oriented programming},
  volume={1},
  number={3},
  pages={26--49},
  year={1988}
}

@misc{OMS,
    author = {World Health Organisation},
    year = {2017},
    title = {Vision impairment and blindness},
    subtitle = {Fact Sheet N°282},
    url = {http://www.who.int/mediacentre/factsheets/fs282/fr/},
    note = {Accessed = 2017-11-30} 
}

@misc{nodeformax, 
	title={Node For Max API Documentation}, 
    	author = {Cycling '74},
	note = {Accessed = 2019-1-9} ,
	url={https://docs.cycling74.com/nodeformax/api/}, 
}

@techreport{postel1980user,
  title={User datagram protocol},
  author={Postel, Jon},
  year={1980}
}

@misc{express, 
	title={Express - Node.js web application framework}, 
	url={https://expressjs.com/},
	note = {Accessed 2019-1-9} 
}

@misc{websockets, 
	title={ws: a Node.js WebSocket library}, 
	url={https://www.npmjs.com/package/ws}, 
	journal={npm},
	note = {Accessed 2019-1-9} 
}

@misc{d3, 
	title={d3.js}, 
	url={https://www.npmjs.com/package/d3}, 
	journal={npm},
	note = {Accessed 2019-1-9} 
}

@misc{pdfjs, 
	title={pdfjs -- A Portable Document Format (PDF) generation library targeting both the server- and client-side.}, 
	url={https://www.npmjs.com/package/pdfjs}, 
	journal={npm},
	note = {Accessed 2019-1-9} 
}


@misc{timesync, 
	title={timesync.js}, 
	url={https://www.npmjs.com/package/timesync}, 
	journal={npm},
	note = {Accessed 2019-1-9} 
}

@misc{gsap,
	title={Greensock Animation Platform (GSAP)},
	url={https://greensock.com},
	note = {Accessed 2019-1-9} 
}

@article{crockford2012json,
  title={Json},
  author={Crockford, Douglas},
  journal={ECMA International},
  year={2012}
}

@inproceedings{mann2015interactive,
  title={Interactive music with tone. js},
  author={Mann, Yotam},
  booktitle={Proceedings of the 1st annual Web Audio Conference},
  year={2015},
  organization={Citeseer}
}

@book{mitchell2003concepts,
  title={Concepts in programming languages},
  author={Mitchell, John C and John, C and Apt, Krzysztof},
  year={2003},
  publisher={Cambridge University Press}
}

@TechReport{Champion:04:DOM,
  author =	"Mike Champion and Lauren Wood and Gavin Nicol and
		 Steven B Byrne and Arnaud Le Hors and Philippe Le
		 H\'{e}garet and Jonathan Robie",
  title =	"Document Object Model ({DOM}) Level 3 Core
		 Specification",
  month =	apr,
  note = 	"http://www.w3.org/TR/2004/REC-DOM-Level-3-Core-20040407/",
  year = 	"2004",
  bibsource =	"http://w2.syronex.com/jmr/w3c-biblio",
  type = 	"{W3C} Recommendation",
  institution =  "W3C",
}

@book{schafer1984r,
  title={R. Murray Schafer on Canadian Music},
  author={Schafer, R Murray},
  year={1984},
  publisher={Arcana Editions}
}


@book{schafer1984r,
  title={R. Murray Schafer on Canadian Music},
  author={Schafer, R Murray},
  year={1984},
  publisher={Arcana Editions}
}

@article{caceres2010jacktrip,
  title={JackTrip: Under the hood of an engine for network audio},
  author={C{\'a}ceres, Juan-Pablo and Chafe, Chris},
  journal={Journal of New Music Research},
  volume={39},
  number={3},
  pages={183--187},
  year={2010},
  publisher={Taylor \& Francis}
}

@article{hajdu2005quintet,
  title={Quintet. net: An environment for composing and performing music on the Internet},
  author={Hajdu, Georg},
  journal={Leonardo},
  volume={38},
  number={1},
  pages={23--30},
  year={2005},
  publisher={MIT Press}
}

@inproceedings{bhagwati2017vexations,
  title={Vexations of ephemerality: extreme sight-reading in situative scores-for makers, performers, audiences},
  author={Bhagwati, Sandeep},
  booktitle={TENOR 2017: International Conference on Technologies for Music Notation and Representation:[24-26 May 2017, University of A Coru{\~n}a, Spain]},
  pages={161--166},
  year={2017},
  organization={Facultade de Filolox{\'\i}a}
}

@TechReport{Toy:18:WAA,
  author =	"Raymond Toy and Paul Adenot",
  title =	"Web Audio {API}",
  month =	sep,
  note = 	"https://www.w3.org/TR/2018/CR-webaudio-20180918/",
  year = 	"2018",
  bibsource =	"http://w2.syronex.com/jmr/w3c-biblio",
  type = 	"Candidate Recommendation",
  institution =  "W3C",
}

@techreport{css,
  author =	{Elika Etemad},
  title =	{Cascading Style Sheets ({CSS}) Snapshot 2007},
  month =	{May},
  note = 	{http://www.w3.org/TR/2011/NOTE-css-beijing-20110512/},
  year = 	{2011},
  institution =  {W3C}
}

@TechReport{Faulkner:16:H,
  author =	"Steve Faulkner and Travis Leithead and Arron Eicholz
		 and Alex Danilo",
  title =	"{HTML} 5.1",
  month =	nov,
  note = 	"https://www.w3.org/TR/2016/REC-html51-20161101/",
  year = 	"2016",
  bibsource =	"http://w2.syronex.com/jmr/w3c-biblio",
  type = 	"{W3C} Recommendation",
  institution =  "W3C"
}

@online{node-eventloop,
  author = {node.js},
  title = {{Don't Block the Event Loop (or the Worker Pool)}},
  year = 2019,
  url = {https://nodejs.org/en/docs/guides/dont-block-the-event-loop/},
  urldate = {2019-01-30}
}